@book{REFERENCE,
    author = "John Smith",
    title  = "Book of interesting things",
    publisher = "Fancy Press",
    edition = "Fifth",
    year = "2011",
}
